3106 4936
455 439 495 482 or
513 417 622 501 Abbey
642 419 685 500 of
701 419 751 484 St.
765 419 876 502 Mary,
900 419 1098 484 Winclrester.
1284 420 1326 502 83

529 669 758 753 Tranquillam
774 679 922 736 nostram
937 670 1084 736 animam

487 790 632 848 mentem
648 801 779 865 semper
793 780 965 866 pacificam

487 893 540 958 Tu
556 893 612 977 qui
631 912 666 957 es
681 912 751 975 pax
766 893 938 958 uerissima

486 1025 646 1070 conserua
661 1005 753 1069 Deus
768 1005 913 1088 petimus
928 1053 936 1082 ‚

530 1115 598 1182 Ubi
614 1116 702 1181 enim
718 1135 787 1199 pax
803 1115 900 1183 fuerit

484 1235 521 1292 tu
537 1227 608 1311 ipse
623 1247 755 1312 quoque
769 1228 877 1294 aderis

484 1348 518 1405 et
533 1338 589 1404 ubi
604 1348 641 1405 tu
656 1341 698 1405 de
713 1340 776 1405 eris

484 1450 640 1534 quicquid
656 1450 701 1516 ibi
717 1460 812 1517 tuum
827 1459 900 1530 est,

531 1562 619 1628 Ueni
634 1582 714 1646 ergo
727 1562 863 1627 domine

485 1681 519 1738 et
534 1652 653 1757 iugiter
667 1692 728 1738 nos
743 1674 877 1757 posside

485 1793 523 1849 ut
537 1785 585 1850 tui
601 1784 707 1851 sancti
722 1784 855 1868 spiritus

484 1916 661 1980 possumus
676 1895 838 1981 templum
855 1895 924 1962 fieri
940 1946 948 1975 ,

530 2007 644 2075 Gloria
658 2008 719 2075 tibi
735 2018 830 2093 pater

484 2141 559 2185 cum
575 2129 634 2186 tuo
648 2121 820 2205 unigenito

483 2254 559 2298 cum
575 2253 643 2318 quo
658 2233 761 2300 uitam
778 2233 915 2316 largitus
931 2253 966 2298 es

484 2367 551 2412 una
566 2366 641 2411 cum
658 2356 774 2414 sancto
789 2345 905 2430 spiritu

484 2460 518 2522 in
534 2458 735 2542 sempiterna
750 2457 860 2523 secula

485 2571 548 2635 Per
561 2569 703 2652 gratiam
720 2568 884 2652 largitoris

486 2680 584 2747 lhesu
600 2679 722 2747 Christi
737 2680 863 2747 domini
878 2699 1003 2758 amen,

699 3017 855 3087 omno.

526 3177 577 3244 Te
591 3177 807 3262 deprecamur
821 3177 957 3243 domine

482 3291 539 3375 qui
554 3310 590 3355 es
605 3289 790 3354 misericors
805 3289 879 3372 pius

483 3411 618 3488 propter
633 3422 754 3467 nomen
771 3411 866 3468 tuum
881 3403 1016 3469 domine

483 3526 555 3583 esto
571 3514 666 3580 nobis
681 3516 843 3600 propitius
859 3566 867 3596 ,

525 3625 789 3693 Sollicitudinem
806 3636 952 3693 nostram

481 3757 580 3821 super
595 3746 628 3803 te
643 3737 805 3802 iactamus
819 3736 955 3802 domine
969 3737 1051 3803 deus

481 3849 544 3913 nisi
560 3849 713 3913 misertus
728 3846 827 3912 fueris

483 3961 516 4024 in
531 3980 620 4026 uano
635 3959 858 4026 laborauimus
874 4010 882 4040 ,

267 4182 282 4228 3
296 4169 336 4216 Tu
345 4170 419 4229 quies,
432 4169 488 4217 MS.
772 4169 850 4228 logne.
863 4169 940 4217 which
949 4168 1002 4216 iails
1015 4176 1041 4216 to
1050 4169 1174 4228 recogniae
1183 4169 1224 4217 the
1234 4171 1283 4219 fact

251 4243 282 4275 ao
296 4229 356 4276 This
365 4230 439 4276 forms
450 4242 497 4275 one
511 4228 539 4275 oi
551 4227 592 4275 the
609 4228 734 4275 “General
773 4229 825 4275 that
835 4229 852 4275 it
862 4229 883 4274 is
893 4243 909 4274 a
924 4229 1048 4275 matutina]
1062 4229 1136 4290 hymn
1147 4229 1176 4276 oi
1188 4231 1281 4278 invom-

223 4301 319 4348 prayers
327 4289 339 4307 ”
353 4289 482 4348 according
489 4295 515 4336 to
523 4288 563 4337 the
574 4289 600 4336 B.
614 4288 651 4335 M.
662 4288 733 4336 Cata-
773 4288 824 4335 tlon
838 4294 863 4335 to
877 4287 918 4336 the
931 4288 1059 4347 Almighty.

1141 4391 1199 4436 02
