3090 4950
300 443 348 510 50
582 427 614 492 T
609 425 648 493 ke
667 425 755 492 Book
775 427 818 508 os
831 399 1127 503 Nauna-Mintur,

304 673 397 740 illurn
423 675 536 741 dicens
560 726 567 756 ,
591 676 710 761 Neque
735 684 771 741 tu
797 675 895 740 times
924 673 1035 739 Deum
1061 673 1151 756 quod
1178 672 1212 737 in
1238 671 1355 738 eadem

304 787 518 852 damnatione
547 808 582 852 es
606 797 640 853 et
665 807 726 852 nos
751 786 885 870 quidem
915 786 1000 851 iuste
1025 805 1103 851 narn
1133 785 1235 870 digna
1260 782 1355 849 sactis

305 898 510 982 recipimus,
534 897 599 962 Hic
623 917 701 963 vero
724 895 805 962 nihil
830 895 908 961 mali
931 896 1034 980 gessit
1056 946 1064 975 ,
1087 896 1133 962 Et
1154 895 1286 962 dicebat
1312 894 1354 959 ad

305 1008 438 1074 ihesum
454 1058 463 1088 ‚
478 1009 624 1074 Domine
638 1005 835 1092 mement[o]
851 1006 916 1072 mei
933 1025 1009 1071 cum
1025 1007 1152 1071 veneris
1167 1007 1202 1071 in
1217 1025 1354 1091 regnum

303 1129 398 1186 tuum
413 1170 422 1200 ‚
438 1121 483 1186 Et
497 1120 586 1186 dixit
600 1119 646 1184 illi
663 1119 780 1185 Ihesus
796 1167 803 1197 ,
819 1118 930 1183 Amen
945 1118 1020 1183 dico
1035 1117 1095 1184 tibi
1110 1117 1210 1184 hodie
1224 1137 1354 1183 mecum
1382 1127 1398 1184 5

303 1233 365 1298 eris
386 1233 420 1297 in
440 1232 616 1317 paradiso,
632 1232 715 1298 Erat
736 1241 848 1298 autem
870 1231 938 1296 fere
958 1230 1040 1296 hora
1062 1239 1182 1310 sexta,
1197 1231 1243 1296 Et
1265 1238 1355 1295 tene-

303 1343 381 1409 brae
396 1343 502 1410 iactae
513 1354 590 1411 sunt
605 1345 638 1409 in
651 1344 802 1410 universa
816 1354 902 1410 terra
917 1362 1021 1428 usque
1035 1343 1070 1408 in
1081 1342 1197 1409 horam
1213 1362 1356 1423 nonam,

348 1644 359 1677 1
375 1643 437 1684 eum.
450 1630 479 1677 v.
920 1639 934 1686 5
948 1627 1023 1687 Jesus.
1036 1627 1065 1674 V·
1078 1627 1131 1674 Am.

410 1703 423 1730 e
440 1740 446 1751 ο
550 1739 555 1750 Ι
778 1738 784 1750 ⁶
918 1701 933 1744 7
948 1688 1081 1733 universam
1088 1695 1181 1739 terram,
1189 1686 1245 1734 with
1253 1687 1293 1732 the
1303 1685 1360 1733 final

346 1755 361 1800 3
375 1741 507 1798 recipimus,
527 1739 583 1785 wrth
600 1739 697 1785 lettere
714 1739 822 1792 overhne.
992 1746 1112 1792 minaech
1120 1747 1186 1792 word
1193 1747 1282 1797 erased.
1294 1745 1357 1797 Ms„

419 1799 481 1852 MS·.
494 1799 627 1857 recipimus,
644 1799 682 1852 V·.
699 1799 786 1856 recepi·
991 1806 1124 1851 universam
1138 1812 1231 1858 terram,
1249 1805 1288 1858 V.‚
1308 1805 1359 1851 uni·

418 1870 478 1911 mus.
491 1857 546 1903 Am.
992 1877 1058 1909 versa
1068 1871 1136 1916 terra,
1148 1865 1202 1910 Am.

345 1931 360 1975 4
375 1917 463 1976 Jesum,
475 1917 504 1963 V.
517 1918 570 1962 Am.
919 1936 934 1979 7
949 1935 1037 1968 nonam
1047 1923 1137 1977 horam,
1149 1924 1203 1968 Am.
