3106 4936
1315 187 1321 219 Ι

451 446 490 491 or
508 422 618 510 Abbey
637 427 679 508 os
695 426 744 492 St.
760 423 870 509 Mary,
894 422 1092 492 Wincluster.
1272 438 1320 509 57

225 685 319 731 orum
331 676 369 731 ut
383 665 513 732 tolleret
527 687 646 752 corpus
664 667 761 733 Ihesu
774 718 782 746 ‚
794 667 840 733 Et
854 665 1003 751 permisit
1019 664 1144 730 Pilatus
1156 713 1164 743 ,
1174 661 1279 730 Uenit

225 797 304 862 ergo
330 788 363 844 et
380 779 457 845 tulit
479 799 597 864 corpus
623 781 719 845 Ihesu
737 830 744 859 ,
761 780 865 846 Uenit
888 788 1000 844 autem
1025 787 1059 843 et
1075 776 1278 842 Nicodemus

224 888 281 972 qui
304 900 439 955 uenerat
464 891 506 955 ad
532 891 665 955 Ihesum
689 901 785 957 nocte
805 891 948 975 primum
969 889 1076 953 ferens
1097 888 1278 952 mixturam

226 1020 353 1065 murrae
376 1011 409 1066 et
431 1001 520 1066 aloes
542 1004 637 1086 quasi
659 1002 758 1067 libras
781 1012 913 1067 centum
938 1052 945 1080 ‚
966 1001 1178 1084 Acceperunt
1200 1018 1280 1081 ergo

224 1133 343 1196 corpus
369 1113 467 1178 Ihesu
491 1124 525 1180 et
542 1114 728 1198 ligauerunt
750 1135 826 1178 eum
849 1113 958 1179 linteis
980 1133 1055 1177 cum
1074 1110 1278 1177 aromatibus
1307 1119 1323 1172 5

224 1224 308 1289 sicut
332 1245 403 1288 mos
428 1226 559 1290 Iudaeis
581 1236 631 1291 est
653 1226 790 1311 sepelire
813 1276 821 1304 ,
842 1226 924 1291 Erat
939 1233 1049 1289 autem
1072 1223 1104 1287 in
1128 1222 1201 1287 loco
1223 1221 1280 1285 ubi

224 1334 401 1400 crucifixus
416 1347 466 1402 est
481 1337 596 1402 hortus
611 1347 644 1402 et
662 1338 694 1401 in
715 1337 813 1402 hortu
835 1345 1088 1401 monumentum
1104 1353 1228 1398 nouum
1245 1333 1279 1397 in

225 1467 292 1531 quo
314 1448 461 1512 nondum
484 1449 659 1532 quisquam
682 1448 810 1532 positus
832 1447 939 1512 fuerat
957 1496 965 1525 ,
982 1445 1033 1512 Ibi
1052 1465 1132 1529 ergo
1146 1453 1281 1528 propter

226 1577 426 1641 parasceuen
466 1558 664 1623 Iudaeorum
694 1541 772 1643 quia
802 1558 898 1623 iuxta
924 1566 994 1623 erat
1027 1564 1280 1622 monumentum

226 1679 407 1753 posuerunt
423 1670 558 1735 Ihesum
575 1719 582 1749 ,
855 1649 868 1672 ⁴
1295 1679 1326 1716 ¹⁰

271 1869 496 1921 EXPLICIVNT
522 1905 529 1919 .
556 1870 757 1924 HASSIONES
790 1871 849 1922 1111
876 1906 882 1920 .
911 1867 1207 1922 EVANGELIORVM
1230 1904 1236 1918 .

270 1981 472 2034 SECVNDVM
494 2017 501 2031 .
526 1982 713 2033 MATHEVM
739 2018 745 2032 .
773 1982 972 2034 SECVNDVM
1003 2018 1010 2031 .
1043 1978 1200 2032 MARCVM
1231 2015 1238 2032 .

271 2093 469 2146 SECVNDVM
503 2129 510 2144 .
541 2093 666 2146 LVCAM
693 2128 701 2147 .
730 2092 931 2146 SECVNDVM
962 2130 969 2146 .
999 2092 1207 2146 IOHANNEM
1231 2127 1238 2143 .

272 2311 391 2376 3Je⁵¹1nu
404 2311 432 2358 V·
446 2312 499 2358 Am·
817 2326 832 2369 7
846 2311 922 2364 horto.
942 2309 1064 2369 originally
1081 2309 1106 2355 in
1123 2308 1185 2360 MS..
1203 2305 1288 2376 witha

272 2371 411 2430 4myrrhae,
424 2372 453 2417 V.
890 2370 1056 2417 erasedandv
1067 2369 1159 2416 written
1168 2365 1272 2414 overhne

273 2439 288 2488 5
302 2429 364 2488 Jesu.
377 2431 431 2476 Am.
891 2429 967 2482 horto,
980 2429 1008 2474 V.
1022 2429 1077 2474 Am.

273 2499 288 2545 5
303 2488 433 2546 Hgavenmt
443 2488 507 2542 illud.
518 2489 546 2534 V.
818 2490 832 2534 8
848 2496 906 2540 erat.
918 2488 947 2534 V.
960 2487 1015 2533 Am.

273 2547 355 2594 omos
365 2556 401 2596 est
412 2548 508 2601 Iudaeis,
520 2548 548 2594 V.
805 2561 834 2594 10
847 2548 936 2606 Jesum,
948 2546 978 2593 V.
990 2545 1045 2592 Am.
